<?xml version="1.0" encoding="utf-8"?>
<record xmlns="http://www.loc.gov/MARC21/slim" xmlns:xsi="http://www.w3.org/2001/XMLSchema-instance" xsi:schemaLocation="http://www.loc.gov/MARC21/slim http://www.loc.gov/standards/marcxml/schema/MARC21slim.xsd">
	<leader>
		01963nam a2200337   4500
	</leader>
	<controlfield tag="001">
		001700731
	</controlfield>
	<controlfield tag="003">
		NNU
	</controlfield>
	<controlfield tag="006">
		m        d        
	</controlfield>
	<controlfield tag="007">
		cr cn |||m|||a
	</controlfield>
	<controlfield tag="008">
		151007s1952    le  a   ob    001 0 ara d
	</controlfield>
	<datafield ind1=" " ind2=" " tag="040">
		<subfield code="a">
			NNU
		</subfield>
		<subfield code="b">
			eng
		</subfield>
		<subfield code="c">
			NNU
		</subfield>
	</datafield>
	<datafield ind1=" " ind2=" " tag="043">
		<subfield code="a">
			a-le---
		</subfield>
	</datafield>
	<datafield ind1="1" ind2=" " tag="100">
		<subfield code="a">
			Abū Shaqrā, Ḥusayn Ghadbān,
		</subfield>
		<subfield code="d">
			d. 1903.
		</subfield>
	</datafield>
	<datafield ind1="1" ind2="3" tag="245">
		<subfield code="a">
			al-Ḥarakāt fī Lubnān ilá ʻahd al-mutaṣarrifīyah
		</subfield>
		<subfield code="h">
			[electronic resource] :
		</subfield>
		<subfield code="b">
			wa-hiya shahādah Durzīyah ṣarīḥah fī makhṭūṭah tulimmu bi-ḥawādith Lubnān wa-aḥwālihi yudlī bi-hā min ruwāt al-Durūz shāhid ʻiyān wa-yusāhimu bihā wāḥid minhum li-awwal marrah fī tārk̄h Lubnān /
		</subfield>
		<subfield code="c">
			al-rāwī Ḥusayn Ghaḍbān Abū Shaqrā ; al-muʼallif Yūsuf Khaṭṭār Abū Shaqrā ; ta-ḥarrá naṣṣahā wa-ʻallaqa ḥawāshīhā wa-malāḥiqahā wa-waḍaʻa muqaddimatahā wa-fahārisahā ʻĀrif Abū Shaqrā.
		</subfield>
	</datafield>
	<datafield ind1=" " ind2=" " tag="260">
		<subfield code="a">
			Bayrūt :
		</subfield>
		<subfield code="b">
			[s.n.],
		</subfield>
		<subfield code="c">
			1952.
		</subfield>
	</datafield>
	<datafield ind1=" " ind2=" " tag="300">
		<subfield code="a">
			online resource (12, 244 p.) :
		</subfield>
		<subfield code="b">
			ill
		</subfield>
	</datafield>
	<datafield ind1=" " ind2=" " tag="500">
		<subfield code="a">
			Title on added t.p.: Troubles in Lebanon, an account of political events in Lebanon from 1785 to 1865 by a Druz eye-witness.
		</subfield>
	</datafield>
	<datafield ind1=" " ind2=" " tag="500">
		<subfield code="a">
			Includes indexes.
		</subfield>
	</datafield>
	<datafield ind1=" " ind2=" " tag="500">
		<subfield code="a">
			Part of the Arabic Collections Online (ACO) project, contributed by New York Univeristy Libraries.
		</subfield>
	</datafield>
	<datafield ind1=" " ind2=" " tag="504">
		<subfield code="a">
			Bibliography: p. 242.
		</subfield>
	</datafield>
	<datafield ind1=" " ind2=" " tag="533">
		<subfield code="a">
			Electronic reproduction.
		</subfield>
		<subfield code="b">
			New York, N.Y. :
		</subfield>
		<subfield code="c">
			New York University,
		</subfield>
		<subfield code="d">
			2015.
		</subfield>
		<subfield code="5">
			NNU
		</subfield>
	</datafield>
	<datafield ind1=" " ind2="0" tag="651">
		<subfield code="a">
			Lebanon
		</subfield>
		<subfield code="x">
			History
		</subfield>
		<subfield code="y">
			1516-1918.
		</subfield>
	</datafield>
	<datafield ind1="1" ind2=" " tag="700">
		<subfield code="a">
			Abū Shaqrā, Yūsuf Khaṭṭār,
		</subfield>
		<subfield code="d">
			ca. 1875-1904.
		</subfield>
	</datafield>
	<datafield ind1="1" ind2=" " tag="700">
		<subfield code="a">
			Abū Shaqrā, ʻĀrif.
		</subfield>
	</datafield>
	<datafield ind1="2" ind2=" " tag="710">
		<subfield code="a">
			New York University.
		</subfield>
		<subfield code="b">
			Libraries.
		</subfield>
	</datafield>
	<datafield ind1="0" ind2=" " tag="730">
		<subfield code="a">
			Arabic Collections Online.
		</subfield>
	</datafield>
	<datafield ind1="0" ind2=" " tag="740">
		<subfield code="a">
			Troubles in Lebanon.
		</subfield>
	</datafield>
	<datafield ind1="0" ind2="8" tag="776">
		<subfield code="i">
			Print version:
		</subfield>
		<subfield code="a">
			Abū Shaqrā, Ḥusayn Ghadbān, d. 1903.
		</subfield>
		<subfield code="t">
			al-Ḥarakāt fī Lubnān ilá ʻahd al-mutaṣarrifīyah
		</subfield>
		<subfield code="w">
			(NNU)001700731
		</subfield>
	</datafield>
	<datafield ind1="4" ind2="0" tag="856">
		<subfield code="u">
			http://hdl.handle.net/2333.1/zkh18d25
		</subfield>
	</datafield>
	<datafield ind1=" " ind2=" " tag="959">
		<subfield code="a">
			NNU
		</subfield>
		<subfield code="b">
			WEB
		</subfield>
		<subfield code="c">
			GENI
		</subfield>
		<subfield code="t">
			0
		</subfield>
		<subfield code="m">
			Electronic access
		</subfield>
		<subfield code="s">
			01
		</subfield>
	</datafield>
	<datafield ind1=" " ind2=" " tag="999">
		<subfield code="i">
			NNU_001700731
		</subfield>
		<subfield code="s">
			nyu_aco001317
		</subfield>
		<subfield code="e">
			(ERROR-880)
		</subfield>
	</datafield>
</record>
